
@ARTICLE{V77,
  AUTHOR =       {Vasicek O.},
  TITLE =        {An equilibrium characterization of the term structure},
  JOURNAL =      {Journal of Financial Economics},
  YEAR =         {1977},
  volume =       {5},
  pages =        {177--188}
}

@ARTICLE{BS73,
  AUTHOR =       {{Black F., Scholes M.}},
  TITLE =        {The Pricing of Options and Corporate Liabilities},
  JOURNAL =      {Journal of Political Economy},
  YEAR =         {1973},
  volume =       {81},
  number =       {3},
  pages =        {637--654}
}

@ARTICLE{M76,
  AUTHOR =       {Merton R. C. },
  TITLE =        {Option pricing when underlying stock returns are discontinuous},
  JOURNAL =      {Journal of Financial Economics},
  YEAR =         {1976},
  volume =       {3},
  pages =        {125--144}
}

@ARTICLE{BT85,
  AUTHOR =       {{Ball C. A., Torous W. N.}},
  TITLE =        {On jumps in common stock prices and their impact on call option pricing},
  JOURNAL =      {Journal of Finance},
  YEAR =         {1985},
  volume =       {40},
  number =       {1},
  pages =        {155--173}
}

@ARTICLE{B81,
  AUTHOR =       {{Becker S.}},
  TITLE =        {A note on estimating the parameters of the diffusion-jump model of stock returns},
  JOURNAL =      {Journal of Financial and Quantitative Analysis},
  YEAR =         {1981},
  volume =       {16},
  number =       {1},
  pages =        {127--140}
}
