
@ARTICLE{JPR94,
  AUTHOR =       {{Jacquier, Eric, Nicholas G. Polson, and Peter Rossi}},
  TITLE =        {Bayesian analysis of stochastic volatility models},
  JOURNAL =      {Journal of Business and Economic Statistics},
  YEAR =         {1994},
  volume =       {12},
  pages =        {69--87}
}

@ARTICLE{BS73,
  AUTHOR =       {{Black F., Scholes M.}},
  TITLE =        {The Pricing of Options and Corporate Liabilities},
  JOURNAL =      {Journal of Political Economy},
  YEAR =         {1973},
  volume =       {81},
  number =       {3},
  pages =        {637--654}
}

@ARTICLE{M76,
  AUTHOR =       {Merton R. C. },
  TITLE =        {Option pricing when underlying stock returns are discontinuous},
  JOURNAL =      {Journal of Financial Economics},
  YEAR =         {1976},
  volume =       {3},
  pages =        {125--144}
}

@ARTICLE{JP02,
  AUTHOR =       {{Johannes, Michael, and Nicholas G. Polson}},
  TITLE =        {MCMC methods in financial econometrics, in Yacine A$\ddot{i}$t-Sahalia, and Lars Hansen},
  JOURNAL =      {Handbook of Financial Econometrics (Elsevier: Oxford)},
  YEAR =         {2002}
}


@ARTICLE{CH70,
  AUTHOR =       {Hammersley, John and Peter Clifford},
  TITLE =        {Markov fields on finite graphs and lattices},
  JOURNAL =      {Unpublished Manuscipt},
  YEAR =         {1970}
}
