
@ARTICLE{EZ89,
  AUTHOR =       {{Epstein, Larry G., and Stanley E. Zin}},
  TITLE =        {Substitution, risk aversion, and the temporal behavior of consumption and asset returns: A theoretical framework},
  JOURNAL =      {Econometrica},
  YEAR =         {1989},
  volume =       {57},
  pages =        {937--969}
}

@ARTICLE{W89,
  AUTHOR =       {{Weil, Philippe}},
  TITLE =        {The equity premium puzzle and the risk-free rate puzzle},
  JOURNAL =      {Journal of Monetary Economics},
  YEAR =         {1989},
  volume =       {24},
  pages =        {401--421}
}

@ARTICLE{BY04,
  AUTHOR =       {{Bansal, Ravi, and Amir Yaron}},
  TITLE =        {Risks for the long run: A potential resolution of asset pricing puzzles},
  JOURNAL =      {Journal of Finance},
  YEAR =         {2004},
  volume =       {59},
  pages =        {1481--1509}
}

@ARTICLE{BCZ14,
  AUTHOR =       {{Backus, David, Mikhail Chernov, and Stanley Zin}},
  TITLE =        {Sources of entropy in representative agent models},
  JOURNAL =      {Journal of Finance},
  YEAR =         {2014},
  volume =       {69},
  pages =        {51--99}
}
