
@ARTICLE{BS73,
  AUTHOR =       {{Black, Fischer and Scholes, Myron}},
  TITLE =        {The Pricing of Options and Corporate Liabilities},
  JOURNAL =      {Journal of Political Economy},
  YEAR =         {1973},
  volume =       {81},
  issue =        {3},
  pages =        {637--654}
}

@ARTICLE{Black76,
  AUTHOR =       {{Black, Fischer}},
  TITLE =        {the pricing of commodity contracts},
  JOURNAL =      {Journal of Financial Economics},
  YEAR =         {1976},
  volume =       {3},
  pages =        {167--179}
}

@ARTICLE{BY04,
  AUTHOR =       {{Bansal, Ravi, and Amir Yaron}},
  TITLE =        {Risks for the long run: A potential resolution of asset pricing puzzles},
  JOURNAL =      {Journal of Finance},
  YEAR =         {2004},
  volume =       {59},
  pages =        {1481--1509}
}

@ARTICLE{BCZ14,
  AUTHOR =       {{Backus, David, Mikhail Chernov, and Stanley Zin}},
  TITLE =        {Sources of entropy in representative agent models},
  JOURNAL =      {Journal of Finance},
  YEAR =         {2014},
  volume =       {69},
  pages =        {51--99}
}
