
@ARTICLE{FF93,
  AUTHOR =       {{Fama, F. Eugene and Kenneth R. French}},
  TITLE =        {Common risk factors in the returns on stocks and bonds},
  JOURNAL =      {Journal of Financial Economics},
  YEAR =         {1993},
  volume =       {33},
  pages =        {3--56}
}

@ARTICLE{FM73,
  AUTHOR =       {{Fama, F. Eugene and James D. MacBeth}},
  TITLE =        {Risk, Return, and Equilibrium: Empirical Tests},
  JOURNAL =      {Journal of Financial Economics},
  YEAR =         {1973},
  volume =       {81},
  issue =        {3},
  pages =        {607--636}
}

@ARTICLE{J09,
  AUTHOR =       {{Cochrane, H. John}},
  TITLE =        {Asset Pricing},
  JOURNAL =      {Princeton university press},
  YEAR =         {2009}
}
